@article{greenwade93,
    author  = "George D. Greenwade",
    title   = "The {C}omprehensive {T}ex {A}rchive {N}etwork ({CTAN})",
    year    = "1993",
    journal = "TUGBoat",
    volume  = "14",
    number  = "3",
    pages   = "342--351"
}

@misc{immagejay,
    title = "imagej", 
    author = "national institute of health",
    howpublished = "\url{https://imagej.nih.gov/ij/download.html}",
    shorthand = "nih"
    }
    
@misc{auf,
    title= "Introduction of Soft Lithography"
    author = "University of Pennsylvania"
    howpublished = "\url{https://www.seas.upenn.edu/~nanosop/Intro_SoftLitho.htm}"
    }
    
@article{lit,
    title= "Study on Diffusion Coefficient of Fluorophores in 3D
Hydrogel with Cationic Charge using Microchip"
    author = "Ju Young Jin1, Jaesool Shim, and Jinseok Kim"
    howpublished = "\url{https://www.preprints.org/manuscript/201911.0087/v1/download}"
    }